@article{agoranet,
    author    = "{Дамир Гайнутдинов} and {Павел Чиков}",
    title     = "Несвобода Интернета (2008-2011)",
    journal   = "Ассоциация АГОРА",
    year      = "2011",
    url       = {http://www.openinform.ru/fs/j_photos/openinform_313.pdf}
}
@article{agoranet2011,
    author    = "{Дамир Гайнутдинов} and {Павел Чиков}",
    title     = "Несвобода Интернета (2011)",
    journal   = "Ассоциация АГОРА",
    year      = "2012",
    url       = {http://openinform.ru/fs/j_photos/openinform_353.pdf}
}
@article{netfreedom,
    author    = "Sanja Kelly and Sarah Cook and Mai Truong",
    title     = "Freedom of the Net 2012",
    journal   = "Freedom House",
    year      = "2012",
    url       = {http://www.freedomhouse.org/sites/default/files/resources/FOTN 2012 - Full Report.pdf}
}
@article{agoranet2012,
    author    = "{Дамир Гайнутдинов} and {Павел Чиков}",
    title     = "Россия как глобальная угроза свободному Интернету",
    journal   = "Ассоциация АГОРА",
    year      = "2013",
    note      = "\href{http://www.eliberator.ru/files/%D0%90%D0%93%D0%9E%D0%A0%D0%90.%20%D0%9D%D0%B5%D1%81%D0%B2%D0%BE%D0%B1%D0%BE%D0%B4%D0%B0%20%D0%98%D0%BD%D1%82%D0%B5%D1%80%D0%BD%D0%B5%D1%82%D0%B0%202012.pdf}{http://eliberator.ru/files/АГОРА. Несвобода Интернета 2012.pdf}",
}
@article{mizulina,
    author    = "{Роман Доброхотов} and {Никита Лашук} and {Маргарита Белодедова}",
    title     = "Елена Мизулина: «Википедия – прикрытие педофильского лобби»",
    journal   = "Slon.ru",
    year      = "2012",
    url       = {http://slon.ru/russia/elena_mizulina_vikipediya_prikrytie_pedofilskogo_lobbi-809860.xhtml}
}
@misc{zombie,
    author       = "Лента.ру",
    title        = "{Роспотребнадзор выиграл суд у YouTube}",
    url          = {http://lenta.ru/news/2013/05/06/youtube/},
    month        = "май",
    year         = "2013"
}
@misc{eve,
    author       = "РосКомСвобода",
    title        = "{Гайд (F.A.Q) по использованию <<наркотиков>> в игре EVE-online}",
    url          = {http://rublacklist.net/3295/},
    month        = "ноябрь",
    year         = "2012"
}
@article{yandex,
    author    = "{Екатерина Ткаченко}",
    title     = "{<<Яндекс>> подвис в черном списке}",
    journal   = "Газета.ru",
    year      = "2013",
    url       = {http://www.gazeta.ru/business/2013/04/23/5277909.shtml}
}
@misc{vk,
    author       = "BBC",
    title        = "Домен <<ВКонтакте>> внесли в <<черный список>> по ошибке",
    url          = {http://www.bbc.co.uk/russian/russia/2013/05/130524_russia_vkontakte_blacklisted_error.shtml},
    month        = "май",
    year         = "2013"
}
@misc{google,
    author       = "Лента.ру",
    title        = "{В реестр запрещенных сайтов попал один из IP-адресов Google}",
    url          = {http://lenta.ru/news/2012/11/19/gstatic/},
    month        = "ноябрь",
    year         = "2012"
}
@misc{rsf,
    author       = "{Репортеры без границ}",
    title        = "{Internet enemies report 2012}",
    url          = {http://march12.rsf.org/i/Report_EnemiesoftheInternet_2012.pdf},
    year         = "2012"
}
@misc{opennet,
    author       = "{Open Net Initiative}",
    title        = "Russia",
    url          = {https://opennet.net/sites/opennet.net/files/ONI_Russia_2010.pdf},
    year         = "2010"
}
@misc{rsoc,
    author       = "Роскомнадзор",
    title        = "Анализ существующих методов управления доступом к интернет-ресурсам и рекомендации по их применению",
    url          = {http://www.rsoc.ru/docs/Analysys_and_recommendations_comments_fin.pdf},
    year         = "2013"
}
@misc{139_gosduma,
    title        = "{Вечернее пленарное заседание Госдумы 11 июля}",
    url          = {http://www.duma.gov.ru/news/273/180195/}
}
@misc{139_wiki,
    author       = "{Викимедиа РУ}",
    title        = "{Забастовка Википедии на русском языке}",
    url          = {http://wikimedia.ru/blog/2012/07/10/zabastovka-vikipedii-na-russkom-yazyke/}
}
@misc{139_yandex,
    author       = "{Елена Колмановская}",
    title        = "{О законопроекте № 89417-6}",
    url          = {http://clubs.ya.ru/company/replies.xml?item_no=48073}
}
@misc{139_google,
    author       = "{Алла Забровская}",
    title        = "{Новый закон угрожает свободному Интернету}",
    url          = {http://googlerussiablog.blogspot.com/2012/07/blog-post.html}
}
@article{139_vk,
    author    = "{Константин Ходаковский}",
    title     = "{Я}ндекс и {В}контакте поддержали {В}икипедию, выступив против законопроекта № 89417-6",
    journal   = "3DNews",
    year      = "2012",
    month     = "июль",
    url       = {http://www.3dnews.ru/software-news/632136},
}
@misc{139_presidentsoviet,
    author       = "Лента.ру",
    title        = "Совет по правам человека предупредил Рунет о цензуре",
    url          = {http://lenta.ru/news/2012/07/03/nochinaplease/}
}
@misc{139_livejournal,
    title        = "{Живой Журнал за свободу информации}",
    url          = {http://livejournal.livejournal.com/19317.html}
}
@misc{187_raec,
    author       = "{Российская Ассоциация электронных коммуникаций}",
    title        = "Открытое обращение интернет-индустрии в отношении законопроекта №292521-6 «О внесении изменений в отдельные законодательные акты Российской Федерации по вопросам защиты интеллектуальных прав в информационно телекоммуникационных сетях»",
    url          = {http://raec.ru/times/detail/2667/}
}
@misc{187_lib,
    author       = "Лента.ру",
    title        = "Электронные библиотеки устроили забастовку против антипиратского закона",
    url          = {http://lenta.ru/news/2013/07/02/flibusta/}
}
@misc{187_look,
    author       = "Sostav.ru",
    title        = "Рунет протестует против антипиратского закона",
    url          = {http://www.sostav.ru/publication/runet-protestuet-protiv-antipiratskogo-zakona-3847.html}
}
@misc{187_strike,
    author       = "Грани.ру",
    title        = "Мосгорсуд впервые вынес решение по антипиратскому закону",
    url          = {http://grani.ru/Internet/m.217670.html}
}
@misc{187_roi,
    author       = "{Российская общественная инициатива}",
    title        = "Отменить закон о произвольных блокировках интернет-ресурсов от 02.07.2013 № 187-ФЗ (закон против интернета)",
    url          = {https://www.roi.ru/advisement/petition/gosudarstvennoe_upravlenie1/otmenit-zakon-o-proizvolnyh-blokirovkah-internet-resursov-ot-02072013-187-fz-zakon-protiv-interneta/}
}
